@misc{elektronicky1,
author = {Adaptic},
title = {Typografie},
howpublished = {online},
cited = {!2017-04-12},
url = {http://www.adaptic.cz/znalosti/slovnicek/typografie/},
}

@book{kniha1,
author = {Tschichold, Jan},
title = {The new typography : a handbook for modern designers},
publisher = {University of California Press},
year = {1998},
edition = {st ed.},
address = {Berkeley},
pages = 236,
isbn = {0--520--07147--6},
}

@article{clanek1,
author = {Schopp, Jürgen F. and Clas, André and Oittinen, Riitta and Kaindl, Klaus},
title = {In Gutenbergs Fußstapfen: Translatio typographica Zum Verhältnis von Typografie und Translation},
journal = {Meta},
volume = {53},
number = {1},
year = {2008},
pages = {167--183},
issn = {0026--0452},
}

@book{kniha2,
author = {Murray, Katherine},
title = {Mistrovství v Microsoft Office Word 2007},
publisher = {Computer Press},
year = {2008},
edition = {Vyd. 1.},
address = {Brno},
pages = 815,
isbn = {978--80--251--2051--4},
}

@inproceedings{serial,
author = {Seda, Pavel},
title = {Vector Graphics In \LaTeX\space For Academic Papers},
booktitle = {Proceedings of the 22st Conference STUDENT EEICT 2016},
address = {Brno},
publisher = {Vysoké učení technické v Brně, Fakulta elektrotechniky a komunikačních technologií},
year = {2018},
pages = {347--351},
isbn = {978--80--214--5614--3},
}

@misc{elektronicky2,
author = {Knauff, Markus},
title = {An Efficiency Comparison of Document Preparation Systems Used in Academic Research and Development},
howpublished = {online},
revised = {Poslední změna 23. dubna 2015},
cited = {!2017-04-12},
url = {https://journals.plos.org/plosone/article?id=10.1371/journal.pone.0115069},
}

@misc{elektronicky3,
author = {Zelenka, Petr},
title = {Beamer: \LaTeX\space na prezentace},
howpublished = {online},
revised = {Poslední změna 28. června 2006},
cited = {!2017-04-12},
url = {http://www.abclinuxu.cz/clanky/navody/beamer-latex-na-prezentace},
}

@article{clanek2,
author = {Pantaleo, Sylvia},
title = {Elementary Students Consider the “What” and “How” of Typography in Picturebooks},
journal = {New Review of Children's Literature and Librarianship},
volume = {20},
number = {2},
year = {2014},
pages = {144--166},
issn = {1740--7885},
}

@bachelorthesis{bakalar1,
author = {Abraham, Lukáš},
title = {Využití nositelných zařízení pro medicínské aplikace},
school = {Vysoké učení technické v Brně},
address = {Brno},
year = {2016},
}

@bachelorthesis{bakalar2,
author = {Pyšný, Radek},
title = {\bibtex\ styl pro ČSN ISO 690 a ČSN ISO 690--2},
school = {Vysoké učení technické v Brně},
address = {Brno},
year = {2009},
}
